@article{bernton2019parameter,
  title={On parameter estimation with the Wasserstein distance},
  author={Bernton, Espen and Jacob, Pierre E and Gerber, Mathieu and Robert, Christian P},
  journal={Information and Inference: A Journal of the IMA},
  volume={8},
  number={4},
  pages={657--676},
  year={2019},
  publisher={Oxford University Press}
}

@article{monge1781memoire,
  title={M{\'e}moire sur la th{\'e}orie des d{\'e}blais et des remblais},
  author={Monge, Gaspard},
  journal={Histoire de l'Acad{\'e}mie Royale des Sciences de Paris},
  year={1781}
}

@inproceedings{kantorovich1942translocation,
  title={On the translocation of masses},
  author={Kantorovich, Leonid V},
  booktitle={Dokl. Akad. Nauk. USSR (NS)},
  volume={37},
  pages={199--201},
  year={1942}
}


@inproceedings{arjovsky2017wasserstein,
  title={Wasserstein generative adversarial networks},
  author={Arjovsky, Martin and Chintala, Soumith and Bottou, L{\'e}on},
  booktitle={International conference on machine learning},
  pages={214--223},
  year={2017},
  organization={PMLR}
}


@article{ni2020conditional,
  title={Conditional Sig-Wasserstein GANs for Time Series Generation},
  author={Ni, Hao and Szpruch, Lukasz and Wiese, Magnus and Liao, Shujian and Xiao, Baoren},
  journal={arXiv preprint arXiv:2006.05421},
  year={2020}
}


@book{priestley1981spectral,
  title={Spectral analysis and time series: probability and mathematical statistics},
  author={Priestley, Maurice Bertram},
  number={04; QA280, P7.},
  year={1981}
}

@book{brillinger2001time,
  title={Time series: data analysis and theory},
  author={Brillinger, David R},
  year={2001},
  publisher={SIAM}
}


@article{bassetti2006minimum,
  title={On minimum Kantorovich distance estimators},
  author={Bassetti, Federico and Bodini, Antonella and Regazzini, Eugenio},
  journal={Statistics \& probability letters},
  volume={76},
  number={12},
  pages={1298--1302},
  year={2006},
  publisher={Elsevier}
}


@article{azzalini2003distributions,
  title={Distributions generated by perturbation of symmetry with emphasis on a multivariate skew t-distribution},
  author={Azzalini, Adelchi and Capitanio, Antonella},
  journal={Journal of the Royal Statistical Society: Series B (Statistical Methodology)},
  volume={65},
  number={2},
  pages={367--389},
  year={2003},
  publisher={Wiley Online Library}
}


@article{whittle1953estimation,
  title={Estimation and information in stationary time series},
  author={Whittle, Peter},
  journal={Arkiv f{\"o}r matematik},
  volume={2},
  number={5},
  pages={423--434},
  year={1953},
  publisher={Springer}
}


@article{cuturi2013sinkhorn,
  title={Sinkhorn distances: Lightspeed computation of optimal transport},
  author={Cuturi, Marco},
  journal={Advances in neural information processing systems},
  volume={26},
  pages={2292--2300},
  year={2013}
}


@article{panaretos2019statistical,
  title={Statistical aspects of Wasserstein distances},
  author={Panaretos, Victor M and Zemel, Yoav},
  journal={Annual review of statistics and its application},
  volume={6},
  pages={405--431},
  year={2019},
  publisher={Annual Reviews}
}


@book{beran1994statistics,
  title={Statistics for long-memory processes},
  author={Beran, Jan},
  volume={61},
  year={1994},
  publisher={CRC press}
}

@article{peyre2019computational,
  title={Computational optimal transport: With applications to data science},
  author={Peyr{\'e}, Gabriel and Cuturi, Marco and others},
  journal={Foundations and Trends{\textregistered} in Machine Learning},
  volume={11},
  number={5-6},
  pages={355--607},
  year={2019},
  publisher={Now Publishers, Inc.}
}

@book{basu2019statistical,
  title={Statistical inference: the minimum distance approach},
  author={Basu, Ayanendranath and Shioya, Hiroyuki and Park, Chanseok},
  year={2019},
  publisher={Chapman and Hall/CRC}
}


@book{friedman2001elements,
  title={The elements of statistical learning},
  author={Friedman, Jerome and Hastie, Trevor and Tibshirani, Robert and others},
  volume={1},
  number={10},
  year={2001},
  publisher={Springer series in statistics New York}
}

@book{tsay2005analysis,
  title={Analysis of financial time series},
  author={Tsay, Ruey S},
  volume={543},
  year={2005},
  publisher={John wiley \& sons}
}


@article{santambrogio2015optimal,
  title={Optimal transport for applied mathematicians},
  author={Santambrogio, Filippo},
  journal={Birk{\"a}user, NY},
  volume={55},
  number={58-63},
  pages={94},
  year={2015},
  publisher={Springer}
}


@book{villani2009optimal,
  title={Optimal transport: old and new},
  author={Villani, C{\'e}dric},
  volume={338},
  year={2009},
  publisher={Springer}
}


@article{kolouri2017optimal,
  title={Optimal mass transport: Signal processing and machine-learning applications},
  author={Kolouri, Soheil and Park, Se Rim and Thorpe, Matthew and Slepcev, Dejan and Rohde, Gustavo K},
  journal={IEEE signal processing magazine},
  volume={34},
  number={4},
  pages={43--59},
  year={2017},
  publisher={IEEE}
}


@article{peyre2019computational,
  title={Computational optimal transport: With applications to data science},
  author={Peyr{\'e}, Gabriel and Cuturi, Marco and others},
  journal={Foundations and Trends in Machine Learning},
  volume={11},
  number={5-6},
  pages={355--607},
  year={2019},
  publisher={Now Publishers, Inc.}
}


@book{panaretos2020invitation,
  title={An invitation to statistics in Wasserstein space},
  author={Panaretos, Victor M and Zemel, Yoav},
  year={2020},
  publisher={Springer Nature}
}


@article{mikosch1995parameter,
  title={Parameter estimation for ARMA models with infinite variance innovations},
  author={Mikosch, Thomas and Gadrich, Tamar and Kluppelberg, Claudia and Adler, Robert J},
  journal={The Annals of Statistics},
  pages={305--326},
  year={1995},
  publisher={JSTOR}
}


@incollection{ambrosio2013user,
  title={A userâ€™s guide to optimal transport},
  author={Ambrosio, Luigi and Gigli, Nicola},
  booktitle={Modelling and optimisation of flows on networks},
  pages={1--155},
  year={2013},
  publisher={Springer}
}

@article{bernton2019parameter,
  title={On parameter estimation with the Wasserstein distance},
  author={Bernton, Espen and Jacob, Pierre E and Gerber, Mathieu and Robert, Christian P},
  journal={Information and Inference: A Journal of the IMA},
  volume={8},
  number={4},
  pages={657--676},
  year={2019},
  publisher={Oxford University Press}
}

@book{gourieroux1995statistics,
  title={Statistics and econometric models},
  author={Gourieroux, Christian and Monfort, Alain},
  volume={1},
  year={1995},
  publisher={Cambridge University Press}
}
